%Jikes
@article{1086625,
 author = {Alpern,, B. and Augart,, S. and Blackburn,, S. M. and Butrico,, M. and Cocchi,, A. and Cheng,, P. and Dolby,, J. and Fink,, S. and Grove,, D. and Hind,, M. and McKinley,, K. S. and Mergen,, M. and Moss,, J. E. B. and Ngo,, T. and Sarkar,, V.},
 title = {The Jikes research virtual machine project: building an open-source research community},
 journal = {IBM Syst. J.},
 volume = {44},
 number = {2},
 year = {2005},
 issn = {0018-8670},
 pages = {399--417},
 publisher = {IBM Corp.},
 address = {Riverton, NJ, USA},
 }

% ASM
@inproceedings{1294344,
 author = {Binder,, Walter and Hulaas,, Jarle and Moret,, Philippe},
 title = {Advanced Java bytecode instrumentation},
 booktitle = {PPPJ '07: Proceedings of the 5th international symposium on Principles and practice of programming in Java},
 year = {2007},
 isbn = {978-1-59593-672-1},
 pages = {135--144},
 location = {Lisboa, Portugal},
 doi = {http://doi.acm.org/10.1145/1294325.1294344},
 publisher = {ACM},
 address = {New York, NY, USA},
 }

% JudoSTM - Dynmaic instrumentation
@inproceedings{1299063,
 author = {Olszewski,, Marek and Cutler,, Jeremy and Steffan,, J. Gregory},
 title = {JudoSTM: A Dynamic Binary-Rewriting Approach to Software Transactional Memory},
 booktitle = {PACT '07: Proceedings of the 16th International Conference on Parallel Architecture and Compilation Techniques},
 year = {2007},
 isbn = {0-7695-2944-5},
 pages = {365--375},
 doi = {http://dx.doi.org/10.1109/PACT.2007.42},
 publisher = {IEEE Computer Society},
 address = {Washington, DC, USA},
 }

% DSTM2
@inproceedings{1167495,
 author = {Herlihy,, Maurice and Luchangco,, Victor and Moir,, Mark},
 title = {A flexible framework for implementing software transactional memory},
 booktitle = {OOPSLA '06: Proceedings of the 21st annual ACM SIGPLAN conference on Object-oriented programming systems, languages, and applications},
 year = {2006},
 isbn = {1-59593-348-4},
 pages = {253--262},
 location = {Portland, Oregon, USA},
 doi = {http://doi.acm.org/10.1145/1167473.1167495},
 publisher = {ACM},
 address = {New York, N@inproceedings{1345241,
 author = {Felber,, Pascal and Fetzer,, Christof and Riegel,, Torvald},
 title = {Dynamic performance tuning of word-based software transactional memory},
 booktitle = {PPoPP '08: Proceedings of the 13th ACM SIGPLAN Symposium on Principles and practice of parallel programming},
 year = {2008},
 isbn = {978-1-59593-795-7},
 pages = {237--246},
 location = {Salt Lake City, UT, USA},
 doi = {http://doi.acm.org/10.1145/1345206.1345241},
 publisher = {ACM},
 address = {New York, NY, USA},
 }

% AtomJava
@inproceedings{1178611,
 author = {Hindman,, Benjamin and Grossman,, Dan},
 title = {Atomicity via source-to-source translation},
 booktitle = {MSPC '06: Proceedings of the 2006 workshop on Memory system performance and correctness},
 year = {2006},
 isbn = {1-59593-578-9},
 pages = {82--91},
 location = {San Jose, California},
 doi = {http://doi.acm.org/10.1145/1178597.1178611},
 publisher = {ACM},
 address = {New York, NY, USA},
 }


@article{1233309,
 author = {Fraser,, Keir and Harris,, Tim},
 title = {Concurrent programming without locks},
 journal = {ACM Trans. Comput. Syst.},
 volume = {25},
 number = {2},
 year = {2007},
 issn = {0734-2071},
 pages = {5},
 doi = {http://doi.acm.org/10.1145/1233307.1233309},
 publisher = {ACM},
 address = {New York, NY, USA},
 }

% CCRs
@inproceedings{949340,
 author = {Harris,, Tim and Fraser,, Keir},
 title = {Language support for lightweight transactions},
 booktitle = {OOPSLA '03: Proceedings of the 18th annual ACM SIGPLAN conference on Object-oriented programing, systems, languages, and applications},
 year = {2003},
 isbn = {1-58113-712-5},
 pages = {388--402},
 location = {Anaheim, California, USA},
 doi = {http://doi.acm.org/10.1145/949305.949340},
 publisher = {ACM},
 address = {New York, NY, USA},
 }

% TL2
@inproceedings{DSS
, author = "D. Dice, O. Shalev, and N. Shavit"
, title = "Transactional Locking II"
, booktitle = "Proc. of the 20th International Symposium on Distributed Computing (DISC 2006)"
, site = "Stockholm, Sweden"
, year = 2006
, pages = "194--208"
}

@inproceedings{DS06
, author = "D. Dice and N. Shavit"
, title = "What Really Makes Transactions Faster?"
, booktitle = "Proc. of the 1st TRANSACT 2006 workshop"
, site = "Ottawa, Canada"
, year = 2006
, note = "Electronic, no. page numbers"
}

@inproceedings{1428518,
 author = {Ziarek,, Lukasz and Welc,, Adam and Adl-Tabatabai,, Ali-Reza and Menon,, Vijay and Shpeisman,, Tatiana and Jagannathan,, Suresh},
 title = {A Uniform Transactional Execution Environment for Java},
 booktitle = {ECOOP '08: Proceedings of the 22nd European conference on Object-Oriented Programming},
 year = {2008},
 isbn = {978-3-540-70591-8},
 pages = {129--154},
 location = {Paphos, Cypress},
 doi = {http://dx.doi.org/10.1007/978-3-540-70592-5_7},
 publisher = {Springer-Verlag},
 address = {Berlin, Heidelberg},
 }

% STM
@inproceedings{ST95b
, author = "N. Shavit, and D. Touitou"
, title = "Software Transactional Memory"
, booktitle = "Proc. of the 12th Annual ACM Symposium on Principles of Distributed Computing (PODC)"
, site = "Ottawa, Canada"
, year = 1995
, pages = "204--213"
}

@inproceedings{1252528,
 author = {Dice,, Dave and Shavit,, Nir},
 title = {Understanding Tradeoffs in Software Transactional Memory},
 booktitle = {CGO '07: Proceedings of the International Symposium on Code Generation and Optimization},
 year = {2007},
 isbn = {0-7695-2764-7},
 pages = {21--33},
 doi = {http://dx.doi.org/10.1109/CGO.2007.38},
 publisher = {IEEE Computer Society},
 address = {Washington, DC, USA},
 }

% LSA
@inproceedings{1248415,
 author = {Riegel,, Torvald and Fetzer,, Christof and Felber,, Pascal},
 title = {Time-based transactional memory with scalable time bases},
 booktitle = {SPAA '07: Proceedings of the nineteenth annual ACM symposium on Parallel algorithms and architectures},
 year = {2007},
 isbn = {978-1-59593-667-7},
 pages = {221--228},
 location = {San Diego, California, USA},
 doi = {http://doi.acm.org/10.1145/1248377.1248415},
 publisher = {ACM},
 address = {New York, NY, USA},
 }

% TinySTM
@inproceedings{1345241,
 author = {Felber,, Pascal and Fetzer,, Christof and Riegel,, Torvald},
 title = {Dynamic performance tuning of word-based software transactional memory},
 booktitle = {PPoPP '08: Proceedings of the 13th ACM SIGPLAN Symposium on Principles and practice of parallel programming},
 year = {2008},
 isbn = {978-1-59593-795-7},
 pages = {237--246},
 location = {Salt Lake City, UT, USA},
 doi = {http://doi.acm.org/10.1145/1345206.1345241},
 publisher = {ACM},
 address = {New York, NY, USA},
 }

% STMBench7
@article{1273029,
 author = {Guerraoui,, Rachid and Kapalka,, Michal and Vitek,, Jan},
 title = {STMBench7: a benchmark for software transactional memory},
 journal = {SIGOPS Oper. Syst. Rev.},
 volume = {41},
 number = {3},
 year = {2007},
 issn = {0163-5980},
 pages = {315--324},
 doi = {http://doi.acm.org/10.1145/1272998.1273029},
 publisher = {ACM},
 address = {New York, NY, USA},
 }

@TechReport{SXM,
author = {M. Herlihy},
title = {SXM: C# Software Transactional Memory},
institution = {Microsoft}
}

% CAR-STM
@incollection{DHS:CAR:STM:podc:2008,
  author	= {Dolev, Shlomi and Hendler, Danny and Suissa, Adi},
  title		= {CAR-STM: scheduling-based collision avoidance and resolution for software transactional memory},
  booktitle	= {Proceedings of the Twenty-Seventh Annual ACM Symposium on Principles of Distributed Computing (PODC)},
  pages		= {125--134},
  month		= {August},
  year		= {2008},
  urlpage	= {http://doi.acm.org/10.1145/1400751.1400769},
}

% Intel
@article{adl:unlocking-concurrency:acmqueue:2006,
  author	= {Adl-Tabatabai, Ali-Reza and Kozyrakis, Christos and Saha, Bratin Eswaran},
  title		= {Unlocking Concurrency: Multicore Programming with Transactional Memory},
  journal	= {ACM Queue},
  volume	= {4},
  number	= {10},
  pages		= {24--33},
  month		= {Dec},
  year		= {2006},
  pdf		= {http://csl.stanford.edu/~christos/publications/2006.unlocking_concurrency.queue.pdf},
  urlpage	= {http://acmqueue.com/modules.php?name=Content&pa=showpage&pid=444}
}

% Intel McRTs STM
@inproceedings{1123001,
 author = {Saha,, Bratin and Adl-Tabatabai,, Ali-Reza and Hudson,, Richard L. and Minh,, Chi Cao and Hertzberg,, Benjamin},
 title = {McRT-STM: a high performance software transactional memory system for a multi-core runtime},
 booktitle = {PPoPP '06: Proceedings of the eleventh ACM SIGPLAN symposium on Principles and practice of parallel programming},
 year = {2006},
 isbn = {1-59593-189-9},
 pages = {187--197},
 location = {New York, New York, USA},
 doi = {http://doi.acm.org/10.1145/1122971.1123001},
 publisher = {ACM},
 address = {New York, NY, USA},
 }


@inproceedings{1345259,
 author = {Brevnov,, Evgueni and Dolgov,, Yuri and Kuznetsov,, Boris and Yershov,, Dmitry and Shakin,, Vyacheslav and Chen,, Dong-Yuan and Menon,, Vijay and Srinivas,, Suresh},
 title = {Practical experiences with Java software transactional memory},
 booktitle = {PPoPP '08: Proceedings of the 13th ACM SIGPLAN Symposium on Principles and practice of parallel programming},
 year = {2008},
 isbn = {978-1-59593-795-7},
 pages = {287--288},
 location = {Salt Lake City, UT, USA},
 doi = {http://doi.acm.org/10.1145/1345206.1345259},
 publisher = {ACM},
 address = {New York, NY, USA},
 }

% Atomos
@article{1133983,
 author = {Carlstrom,, Brian D. and McDonald,, Austen and Chafi,, Hassan and Chung,, JaeWoong and Minh,, Chi Cao and Kozyrakis,, Christos and Olukotun,, Kunle},
 title = {The Atomos transactional programming language},
 journal = {SIGPLAN Not.},
 volume = {41},
 number = {6},
 year = {2006},
 issn = {0362-1340},
 pages = {1--13},
 doi = {http://doi.acm.org/10.1145/1133255.1133983},
 publisher = {ACM},
 address = {New York, NY, USA},
 }













